<?xml version="1.0" encoding="UTF-8"?><collection xmlns="http://www.loc.gov/MARC21/slim"><record><leader>00526nam--2200181-i-4500</leader><controlfield tag="001">000020866</controlfield><controlfield tag="002">20161230</controlfield><controlfield tag="005">20170127202150</controlfield><controlfield tag="008">060222s1000------------r-----000-0-eng-d</controlfield><datafield ind1=" " ind2=" " tag="020"><subfield code="a">92-826-2</subfield></datafield><datafield ind1=" " ind2=" " tag="080"><subfield code="a">621.039.746</subfield></datafield><datafield ind1=" " ind2=" " tag="100"><subfield code="a">Billon, A</subfield></datafield><datafield ind1=" " ind2=" " tag="245"><subfield code="a">The role of colloids in the transport of radionuclides in geological formations</subfield></datafield><datafield ind1=" " ind2=" " tag="260"><subfield code="a">Luxembourg</subfield><subfield code="b">Office For Official Publications Of The European Communities</subfield><subfield code="c">1991</subfield></datafield><datafield ind1=" " ind2=" " tag="300"><subfield code="a">55 p</subfield></datafield><datafield ind1=" " ind2=" " tag="490"><subfield code="a">Eur 13506</subfield></datafield><datafield ind1=" " ind2=" " tag="852"><subfield code="a">80206</subfield></datafield><datafield ind1=" " ind2=" " tag="CAT"><subfield code="a">SYS</subfield><subfield code="c">20170127</subfield><subfield code="h">202150</subfield></datafield></record></collection>